@Misc{CompleteStudyofFactorsContributingtoAirPollution,
  title        = {Complete Study of Factors Contributing to Air Pollution},
  year         = {2016},
  date         = {2016-10-29},
  howpublished = {Webpage},
  url          = {https://www.analyticsvidhya.com/blog/2016/10/complete-study-of-factors-contributing-to-air-pollution/},
  owner        = {Parag Juneja},
}

@Misc{AnIntegratedAssessmentofOddEvenRationingSchemeImplementedinDelhi,
  title        = {An Integrated Assessment of OddEven Rationing Scheme Implemented in Delhi},
  year         = {2016},
  howpublished = {PDF},
  organization = {Sear India},
  url          = {http://www.searindia.com/Report-Odd-Even-Analysis_SEAR_f_v02.pdf},
  owner        = {Parag Juneja},
}

@Misc{Odd-Even-Program,
  title        = {Odd-Even Program: Analysis QA},
  howpublished = {PDF},
  organization = {EPIC India},
  url          = {https://epic.uchicago.edu/sites/default/files/Odd.Even%20Pogram%20Analysis%20Q&A.pdf},
  owner        = {Parag Juneja},
}