@Misc{PollutionData,
  title        = {Pollution Data},
  howpublished = {Webpage},
  organization = {Central Pollution Control Board, India},
  url          = {http://www.cpcb.gov.in/caaqm/frmUserAvgReportCriteria.aspx},
  owner        = {Parag Juneja},
}
@Misc{NationalAirQualityIndex,
  title        = {National Air Quality Index},
  howpublished = {Webpage},
  organization = {CPCB, India},
  url          = {http://164.100.160.234:9000/},
  owner        = {Parag Juneja},
}
@Misc{Odd-EvenProgram:AnalysisQ&A,
  title        = {Odd-Even Program: Analysis Q\&A},
  howpublished = {PDF},
  organization = {EPIC India},
  url          = {https://epic.uchicago.edu/sites/default/files/Odd.Even%20Pogram%20Analysis%20Q&A.pdf},
  owner        = {Parag Juneja},
}
@Misc{RoadSpaceRationing,
  title        = {Road space rationing},
  howpublished = {Webpage},
  url          = {https://en.m.wikipedia.org/wiki/Road_space_rationing},
  owner        = {Parag Juneja},
}